@Misc{insieme,
  title={Insieme Comiler and Runtime Infrastructure.},
  organization={Distributed and Parallel Systems Group, University of Innsbruck},
  note={\url{http://insieme-compiler.org}}
}

@Unpublished{insieme_source_doc,
  title={Insieme Source Code Documentation.},
  organization={Distributed and Parallel Systems Group, University of Innsbruck},
  note={\url{http://192.168.64.179:8080/job/insieme_debug/doxygen/classes.html} - Only accessable inside the DPS network.},
  author={The Insieme Team}
}